@book{treil,
  title={Linear algebra done wrong},
  author={Treil, S.},
  year={2016}
}

@book {aleksandrov,
    AUTHOR = {Александров, А. Д.},
     TITLE = {Внутренняя геометрия выпуклых поверхностей},
% PUBLISHER = {ОГИЗ, Государственное издательство технико-теоретической литературы},
      YEAR = {1948},
  %   PAGES = {387},
   MRCLASS = {52.0X},
  MRNUMBER = {0029518},
MRREVIEWER = {H. Busemann},
 language={russian},
hyphenation={russian}
}

@book {burago-zalgaller,
    AUTHOR = {Буараго, Ю. Д. and Залгаллер, В. А.},
     TITLE = {Введение в риманову геометрию},
% PUBLISHER = {Наука},
% place={М.},
      YEAR = {1994},
     %PAGES = {319},
      ISBN = {5-02-024606-9},
   MRCLASS = {53-01 (53C20 53C21 53C22)},
  MRNUMBER = {1356465},
 language={russian},
hyphenation={russian}
}

@article {lagunov-1960,
    AUTHOR = {Лагунов, В. Н.},
     TITLE = {О наибольшем шаре, вложенном в замкнутую поверхность},
   JOURNAL = {Сиб. матем. журн.},
    VOLUME = {1},
      YEAR = {1960},
     PAGES = {205--232},
      ISSN = {0037-4474},
   MRCLASS = {53.75},
  MRNUMBER = {0139125},
     language={russian},
hyphenation={russian}
}

@article {lagunov-1961,
    AUTHOR = {Лагунов, В. Н.},
     TITLE = {О наибольшем шаре, вложенном в замкнутую поверхность. II},
   JOURNAL = {Сиб. матем. журн.},
   VOLUME = {2},
      YEAR = {1961},
     PAGES = {874--883},
     language={russian},
hyphenation={russian}
}

@article {lagunov-fet-1963,
    AUTHOR = {Лагунов, В. Н. and Фет, А. И.},
     TITLE = {Экстремальные задачи для поверхностей заданного топологического типа. I},
   JOURNAL = {Сиб. матем. журн.},
    VOLUME = {4},
      YEAR = {1963},
     PAGES = {145--176},
     addendum ={[English translation by R. L. Bishop \texttt{arXiv:1903.01224}]},
language={russian},
hyphenation={russian},
     language={russian},
hyphenation={russian}
}

@article {lagunov-fet-1965,
    AUTHOR = {Лагунов, В. Н. and Фет, А. И.},
     TITLE = {Экстремальные задачи для поверхностей заданного топологического типа. II},
   JOURNAL = {Сиб. матем. журн.},
    VOLUME = {6},
      YEAR = {1965},
     PAGES = {1026--1036},
     language={russian},
hyphenation={russian}
}

@article {ionin-pestov, 
    AUTHOR = {Ионин, В. К. and Пестов, Г. Г.},
     TITLE = {О наибольшем круге, вложенном в замкнутую кривую},
   JOURNAL = {Доклады АН СССР},
    VOLUME = {127},
    NOMBER ={6},
      YEAR = {1959},
     PAGES = {1170--1172},
      ISSN = {0002-3264},
   MRCLASS = {52.00},
  MRNUMBER = {0107214},
MRREVIEWER = {B. Gr\"{u}nbaum},
     language={russian},
hyphenation={russian}
}

@article{milka,
  title={Кратчайшая с неспрямляемым сферическим изображением},
  author={Милка, А. Д.},
  journal={Укр. геометрический сб.},
  volume={16},
  pages={35--52},
  year={1974},
     language={russian},
hyphenation={russian}
}


@article {toponogov1957, 
    AUTHOR = {В. А. Топоногов},
     TITLE = {Свойство выпуклости римановых пространств по\-ло\-жи\-тель\-ной кривизны},
   JOURNAL = {Докл. АН СССР},
    VOLUME = {115},
    NUMBER = {4},
      YEAR = {1957},
     PAGES = {674--676},
      ISSN = {0002-3264},
   MRCLASS = {53.2X},
  MRNUMBER = {0091503},
   language={russian},
hyphenation={russian}
}

@article{toponogov-globalization+splitting,
  title={Римановы пространства кривизны, ограниченной снизу},
  author={Топоногов, В. А.},
  journal={УМН},
  volume={14},
  number={1 (85)},
  pages={87--130},
  year={1959},  
  MRNUMBER = {0103510},
language={russian},
hyphenation={russian}
}

@article {filippov,
    AUTHOR = {А. Ф. Филиппов},
     TITLE = {Элементарное доказательство теоремы Жордана},
   JOURNAL = {УМН},
    VOLUME = {5},
      YEAR = {1950},
    NUMBER = {5(39)},
     PAGES = {173--176},
      ISSN = {0042-1316},
   MRCLASS = {56.0X},
  MRNUMBER = {0039997},
     language={russian},
hyphenation={russian}
}

@book {chernavsky,
    AUTHOR = {А. В. Чернавский},
     TITLE = {Дифференциальная геометрия 2 курс},
      YEAR = {2012},
 %PUBLISHER = {Гостехиздат},
     %PAGES = {387},
     language={russian},
hyphenation={russian}
}

@article{zalgaller,
  title={Вопрос о сферическом изображении кратчайшей},
  author={Залгаллер, В. А.},
  journal={Укр. геометрический сб.},
  volume={10},
  pages={12},
  year={1971},
     language={russian},
hyphenation={russian}
}

@Article{schmidt,
 Author = {Schmidt, E.},
 Title = {Über das Extremum der Bogenlänge einer Raumkurve bei vorgeschriebenen Einschränkungen ihrer Krümmung},
 FJournal = {Sitzungsberichte der Preu{{\ss}}ischen Akademie der Wissenschaften, Physikalisch-Mathematische Klasse},
 Journal = {Sitzungsber. Preu{{\ss}}. Akad. Wiss., Phys.-Math. Kl.},
 Pages = {485--490},
 Year = {1925},
 Language = {German},
 Keywords = {53A04,49Q15},
 zbMATH = {2593277},
 JFM = {51.0542.05},
     language={german},
hyphenation={german}
}

@book {blaschke-leichtweiss,
    AUTHOR = {Blaschke, W. and Leichtwei\ss, K.},
     TITLE = {Elementare {D}ifferentialgeometrie},
    SERIES = {Die Grundlehren der mathematischen Wissenschaften},
    VOLUME = {Band 1},
     % NOTE = {F\"unfte vollst\"andig neubearbeitete Auflage von K. Leichtwei\ss},
 %PUBLISHER = {Springer-Verlag, Berlin-New York},
      YEAR = {1973},
    % PAGES = {x+369},
   MRCLASS = {53-02},
  MRNUMBER = {350630},
  language={german},
hyphenation={german}
}

@article {akopyan-petrunin,
    AUTHOR = {Akopyan, A. and Petrunin, A.},
     TITLE = {Long geodesics on convex surfaces},
   JOURNAL = {Math. Intell.},
  FJOURNAL = {The Mathematical Intelligencer},
    VOLUME = {40},
      YEAR = {2018},
    NUMBER = {3},
     PAGES = {26--31},
      ISSN = {0343-6993},
   MRCLASS = {53C22 (53C45)},
  MRNUMBER = {3851070},
       DOI = {10.1007/s00283-018-9795-5},
       URL = {https://doi.org/10.1007/s00283-018-9795-5},
}

@article {alexander-bishop1990,
    AUTHOR = {Alexander, S. and Bishop, R.},
     TITLE = {The {H}adamard--{C}artan theorem in locally convex metric
              spaces},
   JOURNAL = {Enseign. Math. (2)},
  FJOURNAL = {L'Enseignement Math\'{e}matique. Revue Internationale. 2e S\'{e}rie},
    VOLUME = {36},
      YEAR = {1990},
    NUMBER = {3-4},
     PAGES = {309--320},
      ISSN = {0013-8584},
   MRCLASS = {53C70 (53C22)},
  MRNUMBER = {1096422},
MRREVIEWER = {Werner Ballmann},
}

@book{alexander-kapovitch-petrunin2019,
    AUTHOR = {Alexander, S. and Kapovitch, V. and Petrunin,  A.},
     TITLE = {An invitation to {A}lexandrov geometry: CAT(0) spaces},
    SERIES = {SpringerBriefs Math.},
 %PUBLISHER = {Springer, Cham},
      YEAR = {2019},
    % PAGES = {xii+88},
    %  ISBN = {978-3-030-05311-6; 978-3-030-05312-3},
   MRCLASS = {53C23 (51F99 53C20 53C45 53C70)},
  MRNUMBER = {3930625},
MRREVIEWER = {Loreno Heer},
       DOI = {10.1007/978-3-030-05312-3},
       URL = {https://doi.org/10.1007/978-3-030-05312-3},
}

@article {aleksandrov-reshetnyak,
AUTHOR = {Aleksandrov, A. D. and Reshetnyak, Yu. G.},
TITLE = {Rotation of a curve in an {$n$}-dimensional {E}uclidean space},
   JOURNAL = {Siberian Math. J.},
    VOLUME = {29},
      YEAR = {1988},
    NUMBER = {1},
     PAGES = {1––16},
      ISSN = {0037-4474},
   MRCLASS = {53A55 (53A04)},
  MRNUMBER = {936780},
MRREVIEWER = {Elena Macovei},
       DOI = {10.1007/BF00975010},
       URL = {https://doi.org/10.1007/BF00975010},
}

@book {arnold,
    AUTHOR = {Arnold, V. I.},
     TITLE = {Ordinary differential equations},
   SERIES = {Universitext},
% NOTE = {Translated from the Russian by Roger Cooke, Second printing of the 1992 edition},
 %PUBLISHER = {Springer-Verlag, Berlin},
      YEAR = {2006},
 %    PAGES = {ii+334},
  %    ISBN = {978-3-540-34563-3; 3-540-34563-9},
   MRCLASS = {34-01 (34Cxx 37-01 37C10)},
  MRNUMBER = {2242407},
}


@book {arnold1994,
    AUTHOR = {Arnold, V. I.},
     TITLE = {Topological invariants of plane curves and caustics},
    SERIES = {University Lecture Series},
    VOLUME = {5},
    %NOTE = {Dean Jacqueline B. Lewis Memorial Lectures presented at Rutgers University, New Brunswick, New Jersey},
 %PUBLISHER = {American Mathematical Society, Providence, RI},
      YEAR = {1994},
    % PAGES = {viii+60},
      ISBN = {0-8218-0308-5},
   MRCLASS = {57M25 (53A04 57-02 57R42 58C28)},
  MRNUMBER = {1286249},
MRREVIEWER = {Louis\ Funar},
       DOI = {10.1090/ulect/005},
       URL = {https://doi.org/10.1090/ulect/005},
}

@incollection {segre,
    AUTHOR = {Segre, B.},
     TITLE = {Sulle coppie di tangenti fra loro parallele relative ad una
              curva chiusa sghemba},
 BOOKTITLE = {Hommage au {P}rofesseur {L}ucien {G}odeaux},
     PAGES = {141--167},
 %PUBLISHER = {Librairie Universitaire, Louvain},
      YEAR = {1968},
   MRCLASS = {53.75},
  MRNUMBER = {0239544},
MRREVIEWER = {H. W. Guggenheimer},
}


@article{berg,
    Author = {I. D. {Berg}},
    Title = {{An estimate on the total curvature of a geodesic in Euclidean 3-space-with-boundary.}},
    FJournal = {{Geometriae Dedicata}},
    Journal = {{Geom. Dedicata}},
    ISSN = {0046-5755; 1572-9168/e},
    Volume = {13},
    Pages = {1--6},
    Year = {1982},
    Publisher = {Springer Netherlands, Dordrecht},
    Language = {English},
    DOI = {10.1007/BF00149423},
    MSC2010 = {53C22 53C70},
    Zbl = {0493.53036}
}

@article{bernstein,
  title={Sur un th\'{e}or\'{e}me de g\'{e}om\'{e}trie et son application aux \'{e}quations aux d\'{e}riv\'{e}es partielles du type elliptique},
  author={Bernstein, S. N.},
  journal={Сообщения Харьковского математического общества},
  volume={15},
  NUMBER = {1},
  pages={38--45},
  year={1915},
  addendum={[German translation in Math. Zeit, 26; Russian translation in УМН, вып. VIII (1941), 75---81
and С. Н. Бернштейн, Собрание сочинений. Т. 3. (1960) с. 251---258]}
}

@book{blaschke,
    AUTHOR = {Blaschke, W.},
     TITLE = {Kreis und {K}ugel},
%PUBLISHER = {Verlag von Veit \& Comp., Leipzig},
      YEAR = {1916},
language={german},
hyphenation={german}
}

@book {yaglom-boltyanski,
    AUTHOR = {Boltjanski\u{\i}, V. G. and Jaglom, I. M.},
     TITLE = {Convex figures},
% SERIES = {Translated by Paul J. Kelly and Lewis F. Walton},
% PUBLISHER = {Holt, Rinehart and Winston, New York},
      YEAR = {1960},
 %     PAGES = {xv+301},
   MRCLASS = {52.00 (52.30)},
  MRNUMBER = {0123962},
MRREVIEWER = {P. C. Hammer},
}

@book {bishop-goldberg,
    AUTHOR = {Bishop, R. and Goldberg, S.},
     TITLE = {Tensor analysis on manifolds},
  %    NOTE = {Corrected reprint of the 1968 original},
 %PUBLISHER = {Dover Publications, Inc., New York},
      YEAR = {1980},
  %   PAGES = {viii+280 pp. (loose errata)},
      ISBN = {0-486-64039-6},
   MRCLASS = {53-01 (26B12 58-01)},
  MRNUMBER = {615912},
}

@article{bonnet,
  title={M{\'e}moire sur les surfaces dont les lignes de courbure sont planes ou sph{\'e}riques},
  author={Bonnet, O.},
  year={1853},
  publisher={Mallet-Bachelier},
JOURNAL = {Journal de l'École Polytechnique. Paris},
VOLUME = {20},
PAGES = {117--306}
}



@article {borsuk,
    AUTHOR = {Borsuk, K.},
     TITLE = {Sur la courbure totale des courbes ferm\'{e}es},
   JOURNAL = {Ann. Soc. Polon. Math.},
    VOLUME = {20},
      YEAR = {1947},
     PAGES = {251--265},
   MRCLASS = {52.0X},
  MRNUMBER = {0025757},
MRREVIEWER = {W. Fenchel},
}

@book {burago-burago-ivanov,
    AUTHOR = {Burago, D. and Burago, Yu. and Ivanov, S.},
     TITLE = {A course in metric geometry},
    SERIES = {Grad. Stud. Math.},
    VOLUME = {33},
 %PUBLISHER = {American Mathematical Society, Providence, RI},
      YEAR = {2001},
   %  PAGES = {xiv+415},
      ISBN = {0-8218-2129-6},
   MRCLASS = {53C23},
  MRNUMBER = {1835418},
MRREVIEWER = {Mario Bonk},
       DOI = {10.1090/gsm/033},
       URL = {https://doi.org/10.1090/gsm/033},
}

@article {burago-gromov-perelman,
    AUTHOR = {Burago, Yu. and Gromov, M. and Perelman, G.},
     TITLE = {A. {D}. {A}leksandrov spaces with curvatures bounded below},
   JOURNAL = {Russian Math. Surveys},
    VOLUME = {47},
      YEAR = {1992},
    NUMBER = {2},
     PAGES = {1–-58},
      ISSN = {0042-1316},
   MRCLASS = {53C21 (53C23)},
  MRNUMBER = {1185284},
       DOI = {10.1070/RM1992v047n02ABEH000877},
       URL = {https://doi.org/10.1070/RM1992v047n02ABEH000877},
} 

@article {busemann,
    AUTHOR = {Busemann, H.},
     TITLE = {Spaces with non-positive curvature},
   JOURNAL = {Acta Math.},
  FJOURNAL = {Acta Mathematica},
    VOLUME = {80},
      YEAR = {1948},
     PAGES = {259--310},
      ISSN = {0001-5962},
   MRCLASS = {53.0X},
  MRNUMBER = {0029531},
MRREVIEWER = {J. J. Stoker},
       DOI = {10.1007/BF02393651},
       URL = {https://doi.org/10.1007/BF02393651},
}

@book {cartan,
    AUTHOR = {Cartan, \'{E}.},
     TITLE = {Le\c{c}ons sur la {G}\'{e}om\'{e}trie des {E}spaces de {R}iemann},
      YEAR = {1928},
}

@article{ceylan,
  title={Two moons in a puddle},
  author={Ceylan, B.},
  journal={The Mathematical Intelligencer},
  pages={1--2},
  year={2023},
  publisher={Springer}
}

@article {chakerian1962,
    AUTHOR = {Chakerian, G. D.},
     TITLE = {An inequality for closed space curves},
   JOURNAL = {Pacific J. Math.},
  FJOURNAL = {Pacific Journal of Mathematics},
    VOLUME = {12},
      YEAR = {1962},
     PAGES = {53--57},
      ISSN = {0030-8730},
   MRCLASS = {52.25},
  MRNUMBER = {0140000},
MRREVIEWER = {E. F. Beckenbach},
       URL = {http://projecteuclid.org/euclid.pjm/1103036705},
}

@article {chakerian1964,
    AUTHOR = {Chakerian, G. D.},
     TITLE = {On some geometric inequalities},
   JOURNAL = {Proc. Amer. Math. Soc.},
  FJOURNAL = {Proceedings of the American Mathematical Society},
    VOLUME = {15},
      YEAR = {1964},
     PAGES = {886--888},
      ISSN = {0002-9939},
   MRCLASS = {53.01 (52.40)},
  MRNUMBER = {170273},
MRREVIEWER = {C.-C. Hsiung},
       DOI = {10.2307/2034901},
       URL = {https://doi.org/10.2307/2034901},
}

@article {chambers-liokumovich,
    AUTHOR = {Chambers, G. and Liokumovich, Y.},
     TITLE = {Converting homotopies to isotopies and dividing homotopies in half in an effective way},
   JOURNAL = {Geom. Funct. Anal.},
  FJOURNAL = {Geometric and Functional Analysis},
    VOLUME = {24},
      YEAR = {2014},
    NUMBER = {4},
     PAGES = {1080--1100},
      ISSN = {1016-443X},
   MRCLASS = {57R52},
  MRNUMBER = {3248480},
MRREVIEWER = {Minoru Yamamoto},
       DOI = {10.1007/s00039-014-0283-6},
       URL = {https://doi.org/10.1007/s00039-014-0283-6},
}

@book {cheeger-ebin,
    AUTHOR = {Cheeger, J. and Ebin, D.},
     TITLE = {Comparison theorems in {R}iemannian geometry},
    %  NOTE = {Revised reprint of the 1975 original},
 %PUBLISHER = {AMS Chelsea Publishing, Providence, RI},
      YEAR = {2008},
    % PAGES = {x+168},
      ISBN = {978-0-8218-4417-5},
   MRCLASS = {53C20},
  MRNUMBER = {2394158},
       DOI = {10.1090/chel/365},
       URL = {https://doi.org/10.1090/chel/365},
}

@article {cheeger-gromoll-split,
    AUTHOR = {Cheeger, J. and Gromoll, D.},
     TITLE = {The splitting theorem for manifolds of nonnegative {R}icci
              curvature},
   JOURNAL = {J. Differential Geometry},
  FJOURNAL = {Journal of Differential Geometry},
    VOLUME = {6},
      YEAR = {1971/72},
     PAGES = {119--128},
      ISSN = {0022-040X},
   MRCLASS = {53C20},
  MRNUMBER = {0303460},
MRREVIEWER = {J. R. Vanstone},
       URL = {http://projecteuclid.org/euclid.jdg/1214430220},
}

@Article{convossen,
AUTHOR = {Cohn-Vossen, S.},
TITLE = {Totalkr\"ummung und geod\"atische Linien auf einfachzusammenh\"angenden offenen vollst\"andigen Fl\"achenst\"ucken},
Journal = {Матем. сб.},
YEAR = {1936},
Volume = {1(43)},
Number ={2},
pages={139--164},
language={russian},
hyphenation={german}}

@book {denne,
    AUTHOR = {Denne, E.},
     TITLE = {Alternating quadrisecants of knots},
      NOTE = {Ph.D. thesis--UIUC},
% PUBLISHER = {ProQuest LLC, Ann Arbor, MI},
      YEAR = {2004},
    % PAGES = {119},
     % ISBN = {978-0496-78156-0},
   MRCLASS = {Thesis},
  MRNUMBER = {2705934},
}



@book{carmo1992riemannian,
    AUTHOR = {do Carmo, M.},
     TITLE = {Riemannian geometry},
    SERIES = {Mathematics: Theory \& Applications},
%      NOTE = {Translated from the second Portuguese edition by Francis  Flaherty},
% PUBLISHER = {Birkh\"{a}user Boston, Inc., Boston, MA},
      YEAR = {1992},
%     PAGES = {xiv+300},
      ISBN = {0-8176-3490-8},
   MRCLASS = {53-01},
  MRNUMBER = {1138207},
MRREVIEWER = {Bang-yen Chen},
       DOI = {10.1007/978-1-4757-2201-7},
       URL = {https://doi.org/10.1007/978-1-4757-2201-7},
}


@article {dubrovsky,
    AUTHOR = {Dubrovsky, V.},
     TITLE = {In Search of a Definition of Surface Area},
   JOURNAL = {Quantum},
  FJOURNAL = {Quantum. The Magazine of Math and Science},
    VOLUME = {1},
      YEAR = {1991},
    NUMBER = {4},
     PAGES = {6--9}
}

@article {doyle,
    AUTHOR = {Doyle, P. H.},
     TITLE = {Plane separation},
   JOURNAL = {Proc. Cambridge Philos. Soc.},
    VOLUME = {64},
      YEAR = {1968},
     PAGES = {291},
   MRCLASS = {54.75},
  MRNUMBER = {0224068},
MRREVIEWER = {B. J. Ball},
}

@article {dyck,
    AUTHOR = {von Dyck, W.},
     TITLE = {Beitr\"{a}ge zur {A}nalysis situs},
   JOURNAL = {Math. Ann.},
  FJOURNAL = {Mathematische Annalen},
    VOLUME = {32},
      YEAR = {1888},
    NUMBER = {4},
     PAGES = {457--512},
      ISSN = {0025-5831},
   MRCLASS = {DML},
  MRNUMBER = {1510522},
       DOI = {10.1007/BF01443580},
       URL = {https://doi.org/10.1007/BF01443580},
}

@article {eshenburg-split,
    AUTHOR = {Eschenburg, J.-H.},
     TITLE = {The splitting theorem for space-times with strong energy
              condition},
   JOURNAL = {J. Differential Geom.},
  FJOURNAL = {Journal of Differential Geometry},
    VOLUME = {27},
      YEAR = {1988},
    NUMBER = {3},
     PAGES = {477--491},
      ISSN = {0022-040X},
   MRCLASS = {53C50},
  MRNUMBER = {940115},
MRREVIEWER = {Paul E. Ehrlich},
       URL = {http://projecteuclid.org/euclid.jdg/1214442005},
}

@book {falconer,
    AUTHOR = {Falconer, K. J.},
     TITLE = {The geometry of fractal sets},
    SERIES = {Cambridge Tracts in Mathematics},
    VOLUME = {85},
% PUBLISHER = {Cambridge University Press, Cambridge},
      YEAR = {1986},
%     PAGES = {xiv+162},
      ISBN = {0-521-25694-1; 0-521-33705-4},
   MRCLASS = {28-02 (28A99 60J65)},
  MRNUMBER = {867284},
MRREVIEWER = {K. E. Hirst},
}

@article {fary1950,
    AUTHOR = {F\'{a}ry, I.},
     TITLE = {Sur certaines in\'{e}galites g\'{e}om\'{e}triques},
   JOURNAL = {Acta Sci. Math. Szeged},
  FJOURNAL = {Acta Universitatis Szegediensis. Acta Scientiarum
              Mathematicarum},
    VOLUME = {12},
      YEAR = {1950},
    NUMBER = {Leopoldo Fej\'{e}r et Frederico Riesz LXX annos natis dedicatus,
              Pars A},
     PAGES = {117--124},
      ISSN = {0001-6969},
   MRCLASS = {52.0X},
  MRNUMBER = {0038090},
MRREVIEWER = {W. Fenchel},
}

@book {federer,
    AUTHOR = {Federer, H.},
     TITLE = {Geometric measure theory},
    SERIES = {Die Grundlehren der mathematischen Wissenschaften, Band 153},
 %PUBLISHER = {Springer-Verlag New York Inc., New York},
      YEAR = {1969},
    % PAGES = {xiv+676},
   MRCLASS = {28.80 (26.00)},
  MRNUMBER = {0257325},
MRREVIEWER = {J. E. Brothers},
}

@article {foote-levi-tabachnikov,
    AUTHOR = {Foote, R. and Levi, M. and Tabachnikov, S.},
TITLE = {Tractrices, bicycle tire tracks, hatchet planimeters, and a 100-year-old conjecture},
   JOURNAL = {Amer. Math. Monthly},
  FJOURNAL = {American Mathematical Monthly},
    VOLUME = {120},
      YEAR = {2013},
    NUMBER = {3},
     PAGES = {199--216},
      ISSN = {0002-9890},
   MRCLASS = {37J60 (53A17 53C44 70F25)},
  MRNUMBER = {3030293},
       DOI = {10.4169/amer.math.monthly.120.03.199},
       URL = {https://doi.org/10.4169/amer.math.monthly.120.03.199},
}

@book {fuchs-tabachnikov,
    AUTHOR = {Fuchs, D. and Tabachnikov, S.},
     TITLE = {Mathematical omnibus: Thirty lectures on classic mathematics},
% PUBLISHER = {American Mathematical Society, Providence, RI},
      YEAR = {2007},
     %PAGES = {xvi+463},
      ISBN = {978-0-8218-4316-1},
   MRCLASS = {00A05 (00A08 51-02)},
  MRNUMBER = {2350979},
MRREVIEWER = {Rade {\v{Z}}ivaljevi{\'c}},
       DOI = {10.1090/mbk/046},
       URL = {http://dx.doi.org/10.1090/mbk/046},
}

@article {gale,
    AUTHOR = {Gale, D.},
     TITLE = {The {T}eaching of {M}athematics: {T}he {C}lassification of
              1-{M}anifolds: {A} {T}ake-{H}ome {E}xam},
   JOURNAL = {Amer. Math. Monthly},
  FJOURNAL = {American Mathematical Monthly},
    VOLUME = {94},
      YEAR = {1987},
    NUMBER = {2},
     PAGES = {170--175},
      ISSN = {0002-9890},
   MRCLASS = {DML},
  MRNUMBER = {1541035},
       DOI = {10.2307/2322421},
       URL = {https://doi.org/10.2307/2322421},
}

@article{gauss,
title={Disquisitiones generales circa superficies curvas},
  author={Gauss, K. F.},
  JOURNAL = {Commentationes Societatis Regiae Scientiarum Gottingensis recentiores},
  VOLUME = { 6 (classis mathematicae)},
  year={1828},
  PAGES = {99--146},
  addendum={[English translation in \emph{General investigations of curved surfaces} 1902.]}
}

@article {gomes,
    AUTHOR = {Gomes, J.},
     TITLE = {On isometric immersions with semidefinite second quadratic
              forms},
   JOURNAL = {An. Acad. Brasil. Ci\^{e}nc.},
  FJOURNAL = {Anais da Academia Brasileira de Ci\^{e}ncias. Annals of the
              Brazilian Academy of Sciences},
    VOLUME = {55},
      YEAR = {1983},
    NUMBER = {2},
     PAGES = {145--146},
      ISSN = {0001-3765,1678-2690},
   MRCLASS = {53C42},
  MRNUMBER = {719924},
MRREVIEWER = {Carlos\ Curr\'{a}s-Bosch},
}


@book {gromoll-klingenberg-meyer,
    AUTHOR = {Gromoll, D. and Klingenberg, W. and Meyer, W.},
     TITLE = {Riemannsche {G}eometrie im {G}rossen},
    SERIES = {Lecture Notes in Mathematics, No. 55},
 %PUBLISHER = {Springer-Verlag, Berlin-New York},
      YEAR = {1968},
    % PAGES = {vi+287},
   MRCLASS = {53.72},
  MRNUMBER = {0229177},
MRREVIEWER = {J. W. Smith},
addendum={[Russian translation: Д. Громол, В. Клингенберг, В. Мейер. Риманова геометрия в целом. 1971.]}
}

@incollection {gromov-1987,
    AUTHOR = {Gromov, M.},
     TITLE = {Hyperbolic groups},
 BOOKTITLE = {Essays in group theory},
    SERIES = {Math. Sci. Res. Inst. Publ.},
    VOLUME = {8},
     PAGES = {75--263},
% PUBLISHER = {Springer, New York},
      YEAR = {1987},
   MRCLASS = {20F32 (20F06 20F10 22E40 53C20 57R75 58F17)},
  MRNUMBER = {919829},
MRREVIEWER = {Christopher W. Stark},
       DOI = {10.1007/978-1-4613-9586-7_3},
       URL = {https://doi.org/10.1007/978-1-4613-9586-7_3},
}

@article {gromov-1991,
    AUTHOR = {Gromov, M.},
     TITLE = {Sign and geometric meaning of curvature},
   JOURNAL = {Rend. Sem. Mat. Fis. Milano},
  FJOURNAL = {Rendiconti del Seminario Matematico e Fisico di Milano},
    VOLUME = {61},
      YEAR = {1991},
     PAGES = {9--123 (1994)},
      ISSN = {0370-7377},
   MRCLASS = {53C20 (53C23)},
  MRNUMBER = {1297501},
MRREVIEWER = {Zhongmin Shen},
       DOI = {10.1007/BF02925201},
       URL = {https://doi.org/10.1007/BF02925201},
}

@article{hadamard,
  title={Sur certaines propri{\'e}t{\'e}s des trajectoires en dynamique},
  author={Hadamard, J.},
  JOURNAL = {J. math. pures appl.},
  VOLUME = {3},
  year={1897},
  PAGES = {331--387},
}

@article {hartman-nirenberg,
    AUTHOR = {Hartman, P. and Nirenberg, L.},
     TITLE = {On spherical image maps whose {J}acobians do not change sign},
   JOURNAL = {Amer. J. Math.},
  FJOURNAL = {American Journal of Mathematics},
    VOLUME = {81},
      YEAR = {1959},
     PAGES = {901--920},
      ISSN = {0002-9327,1080-6377},
   MRCLASS = {53.75},
  MRNUMBER = {126812},
MRREVIEWER = {H.\ Busemann},
       DOI = {10.2307/2372995},
       URL = {https://doi.org/10.2307/2372995},
}

@book {hatcher,
    AUTHOR = {Hatcher, A.},
     TITLE = {Algebraic topology},
 %PUBLISHER = {Cambridge University Press, Cambridge},
      YEAR = {2002},
    % PAGES = {xii+544},
     % ISBN = {0-521-79160-X; 0-521-79540-0},
   MRCLASS = {55-01 (55-00)},
  MRNUMBER = {1867354},
MRREVIEWER = {Donald W. Kahn},
}

@book{hopf1989,
    AUTHOR = {Hopf, H.},
     TITLE = {Differential geometry in the large},
    SERIES = {Lecture Notes in Mathematics},
    VOLUME = {1000},
  % EDITION = {Second},
 %PUBLISHER = {Springer-Verlag, Berlin},
      YEAR = {1989},
     %PAGES = {viii+184},
      ISBN = {3-540-51497-X},
   MRCLASS = {53-01 (01A75 53A05)},
  MRNUMBER = {1013786},
       DOI = {10.1007/3-540-39482-6},
       URL = {https://doi.org/10.1007/3-540-39482-6},
}

@article {hopf1935,
    AUTHOR = {Hopf, H.},
     TITLE = {\"{U}ber die {D}rehung der {T}angenten und {S}ehnen ebener
              {K}urven},
   JOURNAL = {Compositio Math.},
  FJOURNAL = {Compositio Mathematica},
    VOLUME = {2},
      YEAR = {1935},
     PAGES = {50--62},
      ISSN = {0010-437X},
   MRCLASS = {DML},
  MRNUMBER = {1556906},
       URL = {http://www.numdam.org/item?id=CM_1935__2__50_0},
}

@article {hopf-rinow,
    AUTHOR = {Hopf, H. and Rinow, W.},
     TITLE = {Ueber den {B}egriff der vollst\"{a}ndigen
              differentialgeometrischen {F}l\"{a}che},
   JOURNAL = {Comment. Math. Helv.},
  FJOURNAL = {Commentarii Mathematici Helvetici},
    VOLUME = {3},
      YEAR = {1931},
    NUMBER = {1},
     PAGES = {209--225},
      ISSN = {0010-2571},
   MRCLASS = {DML},
  MRNUMBER = {1509435},
       DOI = {10.1007/BF01601813},
       URL = {https://doi.org/10.1007/BF01601813},
}


@article {joachimsthal,
    AUTHOR = {Joachimsthal, F.},
     TITLE = {Demonstrationes theorematum ad superficies curvas spectantium},
   JOURNAL = {J. Reine Angew. Math.},
  FJOURNAL = {Journal f\"{u}r die Reine und Angewandte Mathematik. [Crelle's
              Journal]},
    VOLUME = {30},
      YEAR = {1846},
     PAGES = {347--350},
      ISSN = {0075-4102},
   MRCLASS = {DML},
  MRNUMBER = {1578476},
       DOI = {10.1515/crll.1846.30.347},
       URL = {https://doi.org/10.1515/crll.1846.30.347},
}

@misc{ivanov,
 author = {Иванов, С. В.},
 title = {Геометрия и топология},
 EPRINT = {https://www.pdmi.ras.ru/~svivanov/uni/uni.html},
 language={russian},
hyphenation={russian}
}

@book{kiselyov,
  title={Kiselev's Geometry: Stereometry},
  author={Kiselev, A. P.},
  year={2008},
 % publisher={Sumizdat},
 addendum={[Translated by A. Givental]}
}


@incollection {kneser,
    Author = {A. {Kneser}},
    Title = {{Bemerkungen \"uber die Anzahl der Extreme der Kr\"ummung auf geschlossenen Kurven und \"uber verwandte Fragen in einer nichteuklidischen Geometrie.}},
    BOOKTITLE ={Heinrich Weber Festschrift},
    Year = {1912},
    Zbl = {43.0463.01},
    language={german},
    hyphenation={german}
}

@book {kosniowski,
    AUTHOR = {Kosniowski, C.},
     TITLE = {A first course in algebraic topology},
% PUBLISHER = {Cambridge University Press, Cambridge-New York},
      YEAR = {1980},
    % PAGES = {viii+269},
    %  ISBN = {0-521-23195-7; 0-521-29864-4},
   MRCLASS = {57-01 (55-01)},
  MRNUMBER = {586943},
MRREVIEWER = {Jo\v{z}e Vrabec},
}

@article {lang-schroeder,
    AUTHOR = {Lang, U. and Schroeder, V.},
     TITLE = {On {T}oponogov's comparison theorem for {A}lexandrov spaces},
   JOURNAL = {Enseign. Math.},
  FJOURNAL = {L'Enseignement Math\'{e}matique},
    VOLUME = {59},
      YEAR = {2013},
    NUMBER = {3-4},
     PAGES = {325--336},
      ISSN = {0013-8584},
   MRCLASS = {53C23 (53C20)},
  MRNUMBER = {3189039},
MRREVIEWER = {Joseph E. Borzellino},
       DOI = {10.4171/LEM/59-3-6},
       URL = {https://doi.org/10.4171/LEM/59-3-6},
}

@article{lancret,
  title={M\'emoire sur les courbes \`a double courbure},
  author={Lancret, M. A.},
  journal={M\'emoires pr\'esent\'es \`a l'Institut des Sciences, Lettres et Arts, par divers savants, et lus dans ses assembl\'ees. Sciences math\'ematiques et physiques.},
  volume={1},
  pages={416--454},
  year={1802}
}

@article {lagarias-richardso,
    AUTHOR = {Lagarias, J. and Richardson, T.},
     TITLE = {Convexity and the average curvature of plane curves},
   JOURNAL = {Geom. Dedicata},
  FJOURNAL = {Geometriae Dedicata},
    VOLUME = {67},
      YEAR = {1997},
    NUMBER = {1},
     PAGES = {1--30},
      ISSN = {0046-5755},
   MRCLASS = {52A40 (52A10 53A04)},
  MRNUMBER = {1468858},
MRREVIEWER = {G. D. Chakerian},
       DOI = {10.1023/A:1004912521664},
       URL = {https://doi.org/10.1023/A:1004912521664},
}


@article{lawlor,
  title={A new area-maximization proof for the circle},
  author={Lawlor, G.},
  journal={Math. Intell.},
  volume={20},
  number={1},
  pages={29--31},
  year={1998},
  %publisher={Springer}
}

@article {lebedeva-petrunin,
    AUTHOR = {Lebedeva, N. and Petrunin, A.},
     TITLE = {On the total curvature of minimizing geodesics on convex
              surfaces},
   JOURNAL = {St. Petersburg Math. J.},
    VOLUME = {29},
      YEAR = {2018},
    NUMBER = {1},
     PAGES = {139--153},
}



@book{lee2006riemannian,
    AUTHOR = {Lee, J. M.},
     TITLE = {Riemannian manifolds},
    SERIES = {Graduate Texts in Mathematics},
    VOLUME = {176},
 %     NOTE = {An introduction to curvature},
% PUBLISHER = {Springer-Verlag, New York},
      YEAR = {1997},
  %   PAGES = {xvi+224},
      ISBN = {0-387-98271-X},
   MRCLASS = {53-01 (53C21)},
  MRNUMBER = {1468735},
MRREVIEWER = {Man Chun Leung},
       DOI = {10.1007/b98852},
       URL = {https://doi.org/10.1007/b98852},
}

@book{levi,
  title={The mathematical mechanic: using physical reasoning to solve problems},
  author={Levi, M.},
  year={2009},
  %publisher={Princeton University Press}
}

@article {liberman,
    AUTHOR = {Liberman, J.},
     TITLE = {Geodesic lines on convex surfaces},
   JOURNAL = {C. R. (Doklady) Acad. Sci. URSS (N.S.)},
    VOLUME = {32},
      YEAR = {1941},
     PAGES = {310--313},
   MRCLASS = {52.0X},
  MRNUMBER = {0010994},
MRREVIEWER = {H. Busemann},
}

@article {mangoldt,
    AUTHOR = {von Mangoldt, H.},
     TITLE = {Ueber diejenigen {P}unkte auf positiv gekr\"{u}mmten {F}l\"{a}chen,
              welche die {E}igenschaft haben, dass die von ihnen ausgehenden
              geod\"{a}tischen {L}inien nie aufh\"{o}ren, k\"{u}rzeste {L}inien zu sein},
   JOURNAL = {J. Reine Angew. Math.},
  FJOURNAL = {Journal f\"{u}r die Reine und Angewandte Mathematik. [Crelle's
              Journal]},
    VOLUME = {91},
      YEAR = {1881},
     PAGES = {23--53},
      ISSN = {0075-4102},
   MRCLASS = {DML},
  MRNUMBER = {1579879},
       DOI = {10.1515/crll.1881.91.23},
       URL = {https://doi.org/10.1515/crll.1881.91.23},
}

@article {massey1962,
    AUTHOR = {Massey, W. S.},
     TITLE = {Surfaces of {G}aussian curvature zero in {E}uclidean
              {$3$}-space},
   JOURNAL = {Tohoku Math. J. (2)},
  FJOURNAL = {The Tohoku Mathematical Journal. Second Series},
    VOLUME = {14},
      YEAR = {1962},
     PAGES = {73--79},
      ISSN = {0040-8735,2186-585X},
   MRCLASS = {53.01},
  MRNUMBER = {139088},
MRREVIEWER = {T.\ J.\ Willmore},
       DOI = {10.2748/tmj/1178244205},
       URL = {https://doi.org/10.2748/tmj/1178244205},
}

@article {meisters,
    AUTHOR = {Meisters, G. H.},
     TITLE = {Polygons have ears},
   JOURNAL = {Amer. Math. Monthly},
  FJOURNAL = {American Mathematical Monthly},
    VOLUME = {82},
      YEAR = {1975},
     PAGES = {648--651},
      ISSN = {0002-9890},
   MRCLASS = {50D05},
  MRNUMBER = {367792},
MRREVIEWER = {H. S. M. Coxeter},
       DOI = {10.2307/2319703},
       URL = {https://doi.org/10.2307/2319703},
}

@article{meusnier,
  title={M{\'e}moire sur la courbure des surfaces},
  author={Meusnier, J. B.},
  journal={Mem des savan etrangers},
  volume={10},
  number={1776},
  pages={477--510},
  year={1785}
}



@article {milnor,
    AUTHOR = {Milnor, J.},
     TITLE = {On the total curvature of knots},
   JOURNAL = {Ann. of Math. (2)},
  FJOURNAL = {Annals of Mathematics. Second Series},
    VOLUME = {52},
      YEAR = {1950},
     PAGES = {248--257},
      ISSN = {0003-486X},
   MRCLASS = {56.0X},
  MRNUMBER = {0037509},
MRREVIEWER = {J. Nielsen},
       DOI = {10.2307/1969467},
       URL = {https://doi.org/10.2307/1969467},
}

@article{mukhopadhyaya,
  title={New methods in the geometry of a plane arc},
  author={Mukhopadhyaya, S.},
  journal={Bull. Calcutta Math. Soc.},
  volume={1},
  pages={31--37},
  year={1909}
}

@article {myers,
    AUTHOR = {Myers, S. B.},
     TITLE = {Riemannian manifolds with positive mean curvature},
   JOURNAL = {Duke Math. J.},
  FJOURNAL = {Duke Mathematical Journal},
    VOLUME = {8},
      YEAR = {1941},
     PAGES = {401--404},
      ISSN = {0012-7094},
   MRCLASS = {53.0X},
  MRNUMBER = {4518},
MRREVIEWER = {H. Samelson},
       URL = {http://projecteuclid.org/euclid.dmj/1077492655},
}

@article {nazarov-petrov,
    AUTHOR = {Nazarov, A. I. and Petrov, F. V.},
     TITLE = {On a conjecture of {S}. {L}. {T}abachnikov},
   JOURNAL = {St. Petersburg Math. J.},
    VOLUME = {19},
      YEAR = {2008},
    NUMBER = {1},
     PAGES = {125--135},
      ISSN = {0234-0852},
   MRCLASS = {58E10 (53A04)},
  MRNUMBER = {2319514},
MRREVIEWER = {B\'{e}la Uhrin},
       DOI = {10.1090/S1061-0022-07-00989-2},
       URL = {https://doi.org/10.1090/S1061-0022-07-00989-2},
}

@article {osserman,
    AUTHOR = {Osserman, R.},
     TITLE = {The four-or-more vertex theorem},
   JOURNAL = {Amer. Math. Monthly},
  FJOURNAL = {American Mathematical Monthly},
    VOLUME = {92},
      YEAR = {1985},
    NUMBER = {5},
     PAGES = {332--337},
      ISSN = {0002-9890},
   MRCLASS = {53A04 (51L15 53C75)},
  MRNUMBER = {790188},
       DOI = {10.2307/2323126},
       URL = {https://doi.org/10.2307/2323126},
}

@article {panov-curves,
    AUTHOR = {Panov, D.},
     TITLE = {Parabolic curves and gradient mappings},
   JOURNAL = {Proc. Steklov Inst. Math.},
    VOLUME = {2(221)},
      YEAR = {1998},
     PAGES = {261--278},
      ISSN = {0371-9685},
   MRCLASS = {53C45},
  MRNUMBER = {1683700 (2000c:53085)},
}


@article {petrunin-yashinski,
    AUTHOR = {Petrunin, A. and Yashinski, A.},
     TITLE = {Piecewise isometric mappings},
   JOURNAL = {St. Petersburg Math. J.},
    VOLUME = {27},
      YEAR = {2016},
    NUMBER = {1},
     PAGES = {155--175},
      ISSN = {0234-0852},
   MRCLASS = {53C45 (26A16)},
  MRNUMBER = {3443270},
MRREVIEWER = {V. Oproiu},
       DOI = {10.1090/spmj/1381},
       URL = {https://doi.org/10.1090/spmj/1381},
}

@article {petrunin-zamora:moon,
    AUTHOR = {Petrunin, A. and Zamora Barrera, S.},
     TITLE = {Moon in a puddle and the four-vertex theorem},
   JOURNAL = {Amer. Math. Monthly},
  FJOURNAL = {American Mathematical Monthly},
    VOLUME = {129},
      YEAR = {2022},
    NUMBER = {5},
     PAGES = {475--479},
       DOI = {10.1080/00029890.2022.2041355},
}

@book{petrunin2020,
      title={PIGTIKAL (puzzles in geometry that I know and love)}, 
      author={A. Petrunin},
      SERIES={Assoc. Math. Res. Monogr.},
      VOLUME={2},
      year={2020}
}

@article {petrunin2021,
    AUTHOR = {Petrunin, A.},
     TITLE = {Self-crossing geodesics},
   JOURNAL = {Math. Intelligencer},
  FJOURNAL = {The Mathematical Intelligencer},
    VOLUME = {43},
      YEAR = {2021},
    NUMBER = {4},
     PAGES = {16--18},
      ISSN = {0343-6993},
   MRCLASS = {Prelim},
  MRNUMBER = {4347637},
       DOI = {10.1007/s00283-021-10127-0},
       URL = {https://doi.org/10.1007/s00283-021-10127-0},
}

@article{petrunin2023,
      title={Gromov's tori are optimal}, 
      author={Petrunin, A.},
      year={2023},
      eprint={2304.00886},
      archivePrefix={arXiv},
      primaryClass={math.DG}
}

@article {plaut,
    AUTHOR = {Plaut, C.},
     TITLE = {Spaces of {W}ald curvature bounded below},
   JOURNAL = {J. Geom. Anal.},
  FJOURNAL = {The Journal of Geometric Analysis},
    VOLUME = {6},
      YEAR = {1996},
    NUMBER = {1},
     PAGES = {113--134},
      ISSN = {1050-6926},
   MRCLASS = {53C23 (53C20)},
  MRNUMBER = {1402389},
MRREVIEWER = {Zhongmin Shen},
       DOI = {10.1007/BF02921569},
       URL = {https://doi.org/10.1007/BF02921569},
}

@book {pogorelov,
    AUTHOR = {Pogorelov, A. V.},
     TITLE = {Extrinsic geometry of convex surfaces},
   %   NOTE = {Translated from the Russian by Israel Program for Scientific  Translations},
   SERIES={Translations of Mathematical Monographs},
   VOLUME={35},
% PUBLISHER = {American Mathematical Society, Providence, R.I.},
      YEAR = {1973},
   %  PAGES = {vi+669},
   MRCLASS = {53C45},
  MRNUMBER = {0346714},
}

%@book{pogorelov,
%  title={Внешняя геометрия выпуклых поверхностей},
%  author={Погорелов, А. В.},
%  year={1969},
% publisher={Наука. Гл. ред. физ.-мат. лит.}
%}

@article {rauch,
    AUTHOR = {Rauch, H. E.},
     TITLE = {A contribution to differential geometry in the large},
   JOURNAL = {Ann. of Math. (2)},
  FJOURNAL = {Annals of Mathematics. Second Series},
    VOLUME = {54},
      YEAR = {1951},
     PAGES = {38--55},
      ISSN = {0003-486X},
   MRCLASS = {53.0X},
  MRNUMBER = {0042765},
MRREVIEWER = {S. B. Myers},
       DOI = {10.2307/1969309},
       URL = {https://doi.org/10.2307/1969309},
}

@book {rudin,
    AUTHOR = {Rudin, W.},
     TITLE = {Principles of mathematical analysis},
   %EDITION = {Third},
     % NOTE = {International Series in Pure and Applied Mathematics},
 %PUBLISHER = {McGraw-Hill Book Co., New York-Auckland-D\"{u}sseldorf},
      YEAR = {1976},
     %PAGES = {x+342},
   MRCLASS = {26-02},
  MRNUMBER = {0385023},
}

@article {pach,
    AUTHOR = {Pach, J.},
     TITLE = {Folding and turning along geodesics in a convex surface},
   JOURNAL = {Geombinatorics},
  FJOURNAL = {Geombinatorics},
    VOLUME = {7},
      YEAR = {1997},
    NUMBER = {2},
     PAGES = {61--65},
      ISSN = {1065-7371},
   MRCLASS = {52B05},
  MRNUMBER = {1487759},
MRREVIEWER = {Stelian S. Dumitrascu},
}

@article {palais,
    AUTHOR = {Palais, R.},
     TITLE = {The {M}orse lemma for {B}anach spaces},
   JOURNAL = {Bull. Amer. Math. Soc.},
  FJOURNAL = {Bulletin of the American Mathematical Society},
    VOLUME = {75},
      YEAR = {1969},
     PAGES = {968--971},
      ISSN = {0002-9904},
   MRCLASS = {57.55},
  MRNUMBER = {253378},
MRREVIEWER = {Kenneth R. Meyer},
       DOI = {10.1090/S0002-9904-1969-12318-9},
       URL = {https://doi.org/10.1090/S0002-9904-1969-12318-9},
}

@article {pizzetti,
AUTHOR = {Pizzetti, P.},
TITLE = {Paragone fra due triangoli a lati uguali},
JOURNAL = {Atti della Reale Accademia dei Lincei, Rendiconti (5)
Classe di Scienze Fisiche, Matematiche e Naturali},
VOLUME = {16 (1)},
YEAR = {1907},
PAGES = {6--11},
}

@book {pogorelov1956,
    AUTHOR = {Погорелов, А. В. },
     TITLE = {Поверхности ограниченной кривизны},
 PUBLISHER = {ХГУ},
      YEAR = {1956},
    % PAGES = {128},
 language={russian},
hyphenation={russian}
}

@book {rinow,
    AUTHOR = {Rinow, W.},
     TITLE = {Die innere {G}eometrie der metrischen {R}\"{a}ume},
   % SERIES = {Die Grundlehren der mathematischen Wissenschaften, Bd. 105},
% PUBLISHER = {Springer-Verlag, Berlin-G\"{o}ttingen-Heidelberg},
      YEAR = {1961},
     %PAGES = {xv+520},
   MRCLASS = {52.50},
  MRNUMBER = {0123969},
MRREVIEWER = {L. M. Blumenthal},
}

@article {sabitov,
    AUTHOR = {Sabitov, I. Kh.},
     TITLE = {Around the proof of the {L}egendre--{C}auchy lemma on convex polygons},
   JOURNAL = {Siberian Math. J.},
    VOLUME = {45},
      YEAR = {2004},
    NUMBER = {4},
     PAGES = {740––762},
}

@article {sacksteder,
    AUTHOR = {Sacksteder, R.},
     TITLE = {On hypersurfaces with no negative sectional curvatures},
   JOURNAL = {Amer. J. Math.},
  FJOURNAL = {American Journal of Mathematics},
    VOLUME = {82},
      YEAR = {1960},
     PAGES = {609--630},
      ISSN = {0002-9327,1080-6377},
   MRCLASS = {53.00},
  MRNUMBER = {116292},
MRREVIEWER = {A.\ V.\ Pogorelov},
       DOI = {10.2307/2372973},
       URL = {https://doi.org/10.2307/2372973},
}

@article {serge,
    AUTHOR = {Segre, B.},
     TITLE = {Una nuova caratterizzazione della sfera},
   JOURNAL = {Atti Accad. Naz. Lincei Rend. Cl. Sci. Fis. Mat. Nat. (8)},
  FJOURNAL = {Atti della Accademia Nazionale dei Lincei. Rendiconti. Classe
              di Scienze Fisiche, Matematiche e Naturali. Serie VIII},
    VOLUME = {3},
      YEAR = {1947},
     PAGES = {420--422},
      ISSN = {0392-7881},
   MRCLASS = {53.0X},
  MRNUMBER = {26831},
MRREVIEWER = {W. Fenchel},
}

@article {schoenberg-zaremba,
    AUTHOR = {Schoenberg, I. J. and Zaremba, S. C.},
     TITLE = {On {C}auchy's lemma concerning convex polygons},
   JOURNAL = {Canadian J. Math.},
  FJOURNAL = {Canadian Journal of Mathematics. Journal Canadien de
              Math\'{e}matiques},
    VOLUME = {19},
      YEAR = {1967},
     PAGES = {1062--1071},
      ISSN = {0008-414X,1496-4279},
   MRCLASS = {52.10},
  MRNUMBER = {216365},
MRREVIEWER = {D.\ W.\ Walkup},
       DOI = {10.4153/CJM-1967-096-4},
       URL = {https://doi.org/10.4153/CJM-1967-096-4},
}

@article {schultens,
    AUTHOR = {Schultens, J.},
     TITLE = {Additivity of bridge numbers of knots},
   JOURNAL = {Math. Proc. Cambridge Philos. Soc.},
  FJOURNAL = {Mathematical Proceedings of the Cambridge Philosophical
              Society},
    VOLUME = {135},
      YEAR = {2003},
    NUMBER = {3},
     PAGES = {539--544},
      ISSN = {0305-0041},
   MRCLASS = {57M25},
  MRNUMBER = {2018265},
MRREVIEWER = {Genevieve S. Walsh},
       DOI = {10.1017/S0305004103006832},
       URL = {https://doi.org/10.1017/S0305004103006832},
}

@article {shur,
    AUTHOR = {Schur, A.},
     TITLE = {\"{U}ber die {S}chwarzsche {E}xtremaleigenschaft des {K}reises
              unter den {K}urven konstanter {K}r\"{u}mmung},
   JOURNAL = {Math. Ann.},
  FJOURNAL = {Mathematische Annalen},
    VOLUME = {83},
      YEAR = {1921},
    NUMBER = {1-2},
     PAGES = {143--148},
      ISSN = {0025-5831},
   MRCLASS = {DML},
  MRNUMBER = {1512005},
       DOI = {10.1007/BF01464234},
       URL = {https://doi.org/10.1007/BF01464234},
}

@article{stoker,
     author = {Stoker, J. J.},
     title = {\"Uber die Gestalt der positiv gekr\"ummten offenen Fl\"achen im dreidimensionalen Raume},
     journal = {Compositio Mathematica},
     publisher = {Johnson Reprint Corporation},
     volume = {3},
     year = {1936},
     pages = {55--88},
     zbl = {0013.27805},
     url = {http://http://www.numdam.org/item/CM_1936__3__55_0},
 language={german},
hyphenation={german}
}

@incollection {sullivan-curves,
    AUTHOR = {Sullivan, J.},
     TITLE = {Curves of finite total curvature},
 BOOKTITLE = {Discrete differential geometry},
     SERIES = {Oberwolfach Semin.},
    % VOLUME = {38},
     PAGES = {137--161},
 %PUBLISHER = {Birkh\"{a}user, Basel},
      YEAR = {2008},
   MRCLASS = {53A04},
  MRNUMBER = {2405664},
MRREVIEWER = {Jesse Ratzkin},
       DOI = {10.1007/978-3-7643-8621-4_7},
       URL = {https://doi.org/10.1007/978-3-7643-8621-4_7},
}

@incollection {tabachnikov,
    AUTHOR = {Tabachnikov, S.},
     TITLE = {The tale of a geometric inequality},
 BOOKTITLE = {M{ASS} selecta},
     PAGES = {257--262},
 %PUBLISHER = {Amer. Math. Soc., Providence, RI},
      YEAR = {2003},
   MRCLASS = {26D15},
  MRNUMBER = {2027183},
}

@MISC {taghavi,
    TITLE = {A characterization of round sphere},
    AUTHOR = {A. Taghavi},
    HOWPUBLISHED = {MathOverflow},
    %NOTE = {URL:https://mathoverflow.net/q/348289 (version: 2019-12-13)},
    EPRINT = {https://mathoverflow.net/q/348289},
    URL = {https://mathoverflow.net/q/348289}
}

@article{tait,
    Author = {P. G. {Tait}},
    Title = {{Note on the circles of curvature of a plane curve.}},
    FJournal = {{Proceedings of the Edinburgh Mathematical Society}},
    Journal = {{Proc. Edinb. Math. Soc.}},
    ISSN = {0013-0915},
    Volume = {14},
    Pages = {26},
    Year = {1896},
    Publisher = {Edinburgh Mathematical Society, Edinburgh},
    Language = {English},
    DOI = {10.1017/S0013091500031710},
    Zbl = {27.0466.03}
}


@book {toponogov-book,
    AUTHOR = {Toponogov, V.},
     TITLE = {Differential geometry of curves and surfaces: A concise guide},
% PUBLISHER = {Birkh\"{a}user Boston, Inc., Boston, MA},
      YEAR = {2006},
    % PAGES = {xiv+206},
     % ISBN = {978-0-8176-4384-3; 0-8176-4384-2},
   MRCLASS = {53-01 (53A04 53A05 53C45)},
  MRNUMBER = {2208981},
MRREVIEWER = {Wolfgang K\"{u}hnel},
}

@article{usov,
    AUTHOR = {Usov, V. V.},
     TITLE = {The length of the spherical image of a geodesic on a convex surface},
   JOURNAL = {Siberian Math. J.},
    VOLUME = {17},
      YEAR = {1976},
    NUMBER = {1},
     PAGES = {185--188},
      ISSN = {0037-4474},
   MRCLASS = {53C65},
  MRNUMBER = {0405316},
MRREVIEWER = {Ju. Burago},
}

@book {valentine,
    AUTHOR = {Valentine, F. A.},
     TITLE = {Convex sets},
   % SERIES = {McGraw-Hill Series in Higher Mathematics},
% PUBLISHER = {McGraw-Hill Book Co., New York-Toronto-London},
      YEAR = {1964},
    % PAGES = {ix+238},
   MRCLASS = {52.00},
  MRNUMBER = {0170264},
MRREVIEWER = {P. C. Hammer},
}

@book {webster,
    AUTHOR = {Webster, R.},
     TITLE = {Convexity},
   % SERIES = {Oxford Science Publications},
 %PUBLISHER = {The Clarendon Press, Oxford University Press, New York},
      YEAR = {1994},
    % PAGES = {xviii+444},
      ISBN = {0-19-853147-8},
   MRCLASS = {52-01 (52A20 52A39 52B11)},
  MRNUMBER = {1443208},
MRREVIEWER = {Imre Leader},
}

@book{alexander-kapovitch-petrunin2027,
    AUTHOR = {Alexander, S. and Kapovitch, V. and Petrunin,
              A.},
     TITLE = {Alexandrov geometry---foundations},
    SERIES = {Graduate Studies in Mathematics},
    VOLUME = {236},
 %PUBLISHER = {American Mathematical Society, Providence, RI},
      YEAR = {2024},
    % PAGES = {xvii+282},
      ISBN = {[9781470473020]; [9781470475369]; [9781470475352]},
   MRCLASS = {53C23 (30Lxx 53-02 53C45)},
  MRNUMBER = {4734965},
}

@article {petrunin-stadler,
    AUTHOR = {Petrunin, A. and Stadler, S.},
     TITLE = {Six proofs of the {F}\'ary-{M}ilnor theorem},
   JOURNAL = {Amer. Math. Monthly},
  FJOURNAL = {American Mathematical Monthly},
    VOLUME = {131},
      YEAR = {2024},
    NUMBER = {3},
     PAGES = {239--251},
      ISSN = {0002-9890,1930-0972},
   MRCLASS = {53A04},
  MRNUMBER = {4711399},
       DOI = {10.1080/00029890.2023.2286224},
       URL = {https://doi.org/10.1080/00029890.2023.2286224},
}

%online

@online{baker,
author = {Baker, K.},
title = {Bing's House},
year = {2010},
url = {https://sketchesoftopology.wordpress.com/2010/03/25/bings-house/},
date = {2010-03-25}
}

@MISC {fine,
    TITLE = {One-step problems in geometry},
    AUTHOR = {J. Fine},
    HOWPUBLISHED = {MathOverflow},
  %  NOTE = {[version: 2009-12-09]},
    EPRINT = {https://mathoverflow.net/q/8378},
    URL = {https://mathoverflow.net/q/8378}
}

